@article{teets2018a,
  title={Quantifying climate--growth relationships at the stand level in a mature mixed-species conifer forest},
  author={Teets, Aaron and Fraver, Shawn and Weiskittel, Aaron R and Hollinger, David Y},
  journal={Global change biology},
  volume={24},
  number={8},
  pages={3587--3602},
  year={2018},
  publisher={Wiley Online Library}
}

@article{fien2019,
  title={Drivers of individual tree growth and mortality in an uneven-aged, mixed-species conifer forest},
  author={Fien, Erin KP and Fraver, Shawn and Teets, Aaron and Weiskittel, Aaron R and Hollinger, David Y},
  journal={Forest Ecology and Management},
  volume={449},
  pages={117446},
  year={2019},
  publisher={Elsevier}
}

@article{teets2018b,
  title={Linking annual tree growth with eddy-flux measures of net ecosystem productivity across twenty years of observation in a mixed conifer forest},
  author={Teets, Aaron and Fraver, Shawn and Hollinger, David Y and Weiskittel, Aaron R and Seymour, Robert S and Richardson, Andrew D},
  journal={Agricultural and Forest Meteorology},
  volume={249},
  pages={479--487},
  year={2018},
  publisher={Elsevier}
}

@article{fischer2016,
  title={Lessons learned from applying a forest gap model to understand ecosystem and carbon dynamics of complex tropical forests},
  author={Fischer, Rico and Bohn, Friedrich and de Paula, Mateus Dantas and Dislich, Claudia and Groeneveld, J{\"u}rgen and Guti{\'e}rrez, Alvaro G and Kazmierczak, Martin and Knapp, Nikolai and Lehmann, Sebastian and Paulick, Sebastian and others},
  journal={Ecological Modelling},
  volume={326},
  pages={124--133},
  year={2016},
  publisher={Elsevier}
}