% forest succession

@article{runkle1981gap,
  title={Gap regeneration in some old-growth forests of the eastern United States},
  author={Runkle, James Reade},
  journal={Ecology},
  volume={62},
  number={4},
  pages={1041--1051},
  year={1981},
  publisher={Wiley Online Library}
}

@article{yamamoto1992gap,
  title={The gap theory in forest dynamics},
  author={Yamamoto, Shin-Ichi},
  journal={The botanical magazine= Shokubutsu-gaku-zasshi},
  volume={105},
  number={2},
  pages={375--383},
  year={1992},
  publisher={Springer}
}

@book{shugart1984theory,
  title={A theory of forest dynamics: the ecological implications of forest succession models},
  author={Shugart, Herman H and others},
  volume={278},
  year={1984},
  publisher={Springer-Verlag New York; Berlin; Heidelberg; Tokyo}
}

@book{west2012forest,
  title={Forest succession: concepts and application},
  author={West, Darrell C and Shugart, Herman H and Botkin, DF},
  year={2012},
  publisher={Springer Science \& Business Media}
}

% MnM4SDS references

@article{singleton2019,
  title={Geographic Data Science},
  author={Singleton, Alex and Arribas-Bel, Daniel},
  journal={Geographical Analysis},
  year={2019},
  publisher={Wiley Online Library}
}

@article{anselin1995,
  title={Local indicators of spatial association?LISA},
  author={Anselin, Luc},
  journal={Geographical analysis},
  volume={27},
  number={2},
  pages={93--115},
  year={1995},
  publisher={Wiley Online Library}
}

@article{oshan2019mgwr,
  title={mgwr: A Python implementation of multiscale geographically weighted regression for investigating process spatial heterogeneity and scale},
  author={Oshan, Taylor M and Li, Ziqi and Kang, Wei and Wolf, Levi J and Fotheringham, A Stewart},
  journal={ISPRS International Journal of Geo-Information},
  volume={8},
  number={6},
  pages={269},
  year={2019},
  publisher={Multidisciplinary Digital Publishing Institute}
}

@article{fotheringham2017multiscale,
  title={Multiscale geographically weighted regression (mgwr)},
  author={Fotheringham, A Stewart and Yang, Wenbai and Kang, Wei},
  journal={Annals of the American Association of Geographers},
  volume={107},
  number={6},
  pages={1247--1265},
  year={2017},
  publisher={Taylor \& Francis}
}

@article{oshan2019comment,
  title={A comment on geographically weighted regression with parameter-specific distance metrics},
  author={Oshan, Taylor and Wolf, Levi John and Fotheringham, A Stewart and Kang, Wei and Li, Ziqi and Yu, Hanchen},
  journal={International Journal of Geographical Information Science},
  volume={33},
  number={7},
  pages={1289--1299},
  year={2019},
  publisher={Taylor \& Francis}
}

@article{brunsdon1996geographically,
  title={Geographically weighted regression: a method for exploring spatial nonstationarity},
  author={Brunsdon, Chris and Fotheringham, A Stewart and Charlton, Martin E},
  journal={Geographical analysis},
  volume={28},
  number={4},
  pages={281--298},
  year={1996},
  publisher={Wiley Online Library}
}

@article{fotheringham1998geographically,
  title={Geographically weighted regression: a natural evolution of the expansion method for spatial data analysis},
  author={Fotheringham, A Stewart and Charlton, Martin E and Brunsdon, Chris},
  journal={Environment and planning A},
  volume={30},
  number={11},
  pages={1905--1927},
  year={1998},
  publisher={Sage Publications Sage UK: London, England}
}

@article{symanzik2014exploratory,
  title={Exploratory spatial data analysis},
  author={Symanzik, J{\"u}rgen},
  journal={Handbook of regional science},
  pages={1295--1310},
  year={2014},
  publisher={Springer}
}

% Global carbon balance

@article{grace2004,
  title={Understanding and managing the global carbon cycle},
  author={Grace, John},
  journal={Journal of Ecology},
  volume={92},
  number={2},
  pages={189--202},
  year={2004},
  publisher={Wiley Online Library}
}

@article{lequere2017,
  title={Global carbon budget 2017},
  author={Le Qu{\'e}r{\'e}, Corinne and Andrew, Robbie M and Friedlingstein, Pierre and Sitch, Stephen and Pongratz, Julia and Manning, Andrew C and Korsbakken, Jan Ivar and Peters, Glen P and Canadell, Josep G and Jackson, Robert B and others},
  journal={Earth System Science Data Discussions},
  pages={1--79},
  year={2017}
}

@article{houghton2007,
  title={Balancing the global carbon budget},
  author={Houghton, RA},
  journal={Annu. Rev. Earth Planet. Sci.},
  volume={35},
  pages={313--347},
  year={2007},
  publisher={Annual Reviews}}
  
@article{houghton2018,
  title={Where is the residual terrestrial carbon sink?},
  author={Houghton, Richard A and Baccini, Alessandro and Walker, Wayne S},
  journal={Global change biology},
  volume={24},
  number={8},
  pages={3277--3279},
  year={2018},
  publisher={Wiley Online Library}
}

@article{pan2011sink,
  title={A large and persistent carbon sink in the world?s forests},
  author={Pan, Yude and Birdsey, Richard A and Fang, Jingyun and Houghton, Richard and Kauppi, Pekka E and Kurz, Werner A and Phillips, Oliver L and Shvidenko, Anatoly and Lewis, Simon L and Canadell, Josep G and others},
  journal={Science},
  pages={1201609},
  year={2011},
  publisher={American Association for the Advancement of Science}
}

@article{houghton2003,
  title={Why are estimates of the terrestrial carbon balance so different?},
  author={Houghton, Richard A},
  journal={Global change biology},
  volume={9},
  number={4},
  pages={500--509},
  year={2003},
  publisher={Wiley Online Library}
}

@article{myneni2001,
  title={A large carbon sink in the woody biomass of northern forests},
  author={Myneni, RB and Dong, J and Tucker, CJ and Kaufmann, RK and Kauppi, PE and Liski, J and Zhou, L and Alexeyev, V and Hughes, MK},
  journal={Proceedings of the National Academy of Sciences},
  volume={98},
  number={26},
  pages={14784--14789},
  year={2001},
  publisher={National Acad Sciences}
}

@article{schimel2015,
  title={Effect of increasing CO2 on the terrestrial carbon cycle},
  author={Schimel, David and Stephens, Britton B and Fisher, Joshua B},
  journal={Proceedings of the National Academy of Sciences},
  volume={112},
  number={2},
  pages={436--441},
  year={2015},
  publisher={National Acad Sciences}
}

@incollection{canadell2007saturation,
  title={Saturation of the terrestrial carbon sink},
  author={Canadell, Josep G and Pataki, Diane E and Gifford, Roger and Houghton, Richard A and Luo, Yiqi and Raupach, Michael R and Smith, Pete and Steffen, Will},
  booktitle={Terrestrial ecosystems in a changing world},
  pages={59--78},
  year={2007},
  publisher={Springer}
}

% Forests carbon pools and fluxes

@article{nemani2003,
  title={Climate-driven increases in global terrestrial net primary production from 1982 to 1999},
  author={Nemani, Ramakrishna R and Keeling, Charles D and Hashimoto, Hirofumi and Jolly, William M and Piper, Stephen C and Tucker, Compton J and Myneni, Ranga B and Running, Steven W},
  journal={science},
  volume={300},
  number={5625},
  pages={1560--1563},
  year={2003},
  publisher={American Association for the Advancement of Science}
}

@article{turner1995,
  title={A carbon budget for forests of the conterminous United States},
  author={Turner, David P and Koerper, Greg J and Harmon, Mark E and Lee, Jeffrey J},
  journal={Ecological Applications},
  volume={5},
  number={2},
  pages={421--436},
  year={1995},
  publisher={Wiley Online Library}
}

@article{williams2012,
  title={Carbon consequences of forest disturbance and recovery across the conterminous United States},
  author={Williams, Christopher A and Collatz, G James and Masek, Jeffrey and Goward, Samuel N},
  journal={Global Biogeochemical Cycles},
  volume={26},
  number={1},
  year={2012},
  publisher={Wiley Online Library}
}

@article{dixon1994,
  title={Carbon pools and flux of global forest ecosystems},
  author={Dixon, Robert K and Solomon, AM and Brown, Sandra and Houghton, RA and Trexier, MC and Wisniewski, Jan},
  journal={Science},
  volume={263},
  number={5144},
  pages={185--190},
  year={1994},
  publisher={American Association for the Advancement of Science}
}

@article{luyssaert2008,
  title={Old-growth forests as global carbon sinks},
  author={Luyssaert, Sebastiaan and Schulze, E-Detlef and B{\"o}rner, Annett and Knohl, Alexander and Hessenm{\"o}ller, Dominik and Law, Beverly E and Ciais, Philippe and Grace, John},
  journal={Nature},
  volume={455},
  number={7210},
  pages={213},
  year={2008},
  publisher={Nature Publishing Group}
}

@article{hurtt2002,
  title={Projecting the future of the US carbon sink},
  author={Hurtt, George C and Pacala, SW and Moorcroft, Paul R and Caspersen, J and Shevliakova, E and Houghton, RA and Moore, BIII},
  journal={Proceedings of the National Academy of Sciences},
  volume={99},
  number={3},
  pages={1389--1394},
  year={2002},
  publisher={National Acad Sciences}
}

@article{rhemtulla2009,
  title={Historical forest baselines reveal potential for continued carbon sequestration},
  author={Rhemtulla, Jeanine M and Mladenoff, David J and Clayton, Murray K},
  journal={Proceedings of the National Academy of Sciences},
  volume={106},
  number={15},
  pages={6082--6087},
  year={2009},
  publisher={National Acad Sciences}
}

@article{magnani2007,
  title={The human footprint in the carbon cycle of temperate and boreal forests},
  author={Magnani, Federico and Mencuccini, Maurizio and Borghetti, Marco and Berbigier, Paul and Berninger, Frank and Delzon, Sylvain and Grelle, Achim and Hari, Pertti and Jarvis, Paul G and Kolari, Pasi and others},
  journal={Nature},
  volume={447},
  number={7146},
  pages={849},
  year={2007},
  publisher={Nature Publishing Group}
}
  
% forest models

@article{bohn2017,
  title={The importance of forest structure to biodiversity--productivity relationships},
  author={Bohn, Friedrich J and Huth, Andreas},
  journal={Royal Society open science},
  volume={4},
  number={1},
  pages={160521},
  year={2017},
  publisher={The Royal Society Publishing}
}

@article{fischer2019,
  title={The relevance of forest structure for biomass and productivity in temperate forests: new perspectives for remote sensing},
  author={Fischer, Rico and Knapp, Nikolai and Bohn, Friedrich and Shugart, Herman H and Huth, Andreas},
  journal={Surveys in Geophysics},
  pages={1--26},
  year={2019},
  publisher={Springer}
}

@article{hurtt2010,
  title={Linking models and data on vegetation structure},
  author={Hurtt, GC and Fisk, J and Thomas, RQ and Dubayah, R and Moorcroft, PR and Shugart, HH},
  journal={Journal of Geophysical Research: Biogeosciences},
  volume={115},
  number={G2},
  year={2010},
  publisher={Wiley Online Library}
}

@article{hurtt2004,
  title={Beyond potential vegetation: Combining lidar data and a height-structured model for carbon studies},
  author={Hurtt, George C and Dubayah, Ralph and Drake, Jason and Moorcroft, Paul R and Pacala, Stephen W and Blair, J Bryan and Fearon, Matthew G},
  journal={Ecological Applications},
  volume={14},
  number={3},
  pages={873--883},
  year={2004},
  publisher={Wiley Online Library}
}

@article{moorcroft2001,
  title={A method for scaling vegetation dynamics: the ecosystem demography model (ED)},
  author={Moorcroft, Paul R and Hurtt, GC and Pacala, Stephen W},
  journal={Ecological monographs},
  volume={71},
  number={4},
  pages={557--586},
  year={2001},
  publisher={Wiley Online Library}
}

@article{shugart2015,
  title={Computer and remote-sensing infrastructure to enhance large-scale testing of individual-based forest models},
  author={Shugart, Herman H and Asner, Gregory P and Fischer, Rico and Huth, Andreas and Knapp, Nikolai and Le Toan, Thuy and Shuman, Jacquelyn K},
  journal={Frontiers in Ecology and the Environment},
  volume={13},
  number={9},
  pages={503--511},
  year={2015},
  publisher={Wiley Online Library}
}
  
@article{shugart2018,
  title={Gap models and their individual-based relatives in the assessment of the consequences of global change},
  author={Shugart, Herman H and Wang, Bin and Fischer, Rico and Ma, Jianyong and Fang, Jing and Yan, Xiaodong and Huth, Andreas and Armstrong, Amanda H},
  journal={Environmental Research Letters},
  volume={13},
  number={3},
  pages={033001},
  year={2018},
  publisher={IOP Publishing}
}

@article{fischer2016,
  title={Lessons learned from applying a forest gap model to understand ecosystem and carbon dynamics of complex tropical forests},
  author={Fischer, Rico and Bohn, Friedrich and de Paula, Mateus Dantas and Dislich, Claudia and Groeneveld, J{\"u}rgen and Guti{\'e}rrez, Alvaro G and Kazmierczak, Martin and Knapp, Nikolai and Lehmann, Sebastian and Paulick, Sebastian and others},
  journal={Ecological Modelling},
  volume={326},
  pages={124--133},
  year={2016},
  publisher={Elsevier}
}

@article{knapp2018,
  title={Linking lidar and forest modeling to assess biomass estimation across scales and disturbance states},
  author={Knapp, Nikolai and Fischer, Rico and Huth, Andreas},
  journal={Remote sensing of environment},
  volume={205},
  pages={199--209},
  year={2018},
  publisher={Elsevier}
}

@article{rodig2017,
  title={Spatial heterogeneity of biomass and forest structure of the Amazon rain forest: Linking remote sensing, forest modelling and field inventory},
  author={R{\"o}dig, Edna and Cuntz, Matthias and Heinke, Jens and Rammig, Anja and Huth, Andreas},
  journal={Global ecology and biogeography},
  volume={26},
  number={11},
  pages={1292--1302},
  year={2017},
  publisher={Wiley Online Library}
}

@article{rodig2019,
  title={From small-scale forest structure to Amazon-wide carbon estimates},
    author={R{\"o}dig, Edna and Cuntz, Matthias and Heinke, Jens and Rammig, Anja and Huth, Andreas},
  journal={In submission},
  year={2019}
}

@article{hiltner2018,
  title={Simulation of succession in a neotropical forest: High selective logging intensities prolong the recovery times of ecosystem functions},
  author={Hiltner, Ulrike and Huth, Andreas and Br{\"a}uning, Achim and H{\'e}rault, Bruno and Fischer, Rico},
  journal={Forest ecology and management},
  volume={430},
  pages={517--525},
  year={2018},
  publisher={Elsevier}
}


% forest age datasets

@misc{poulter2019,
 author={Benjamin {Poulter} and Luiz {Arag\~{a}o} and Niels {Andela} and Valentin {Bellassen} and Philippe {Ciais} and Tomomichi {Kato} and Xin {Lin} and Baatarbileg {Nachin} and Sebastiaan {Luyssaert} and Niel {Pederson} and Philippe {Peylin} and Shilong {Piao} and Tom {Pugh} and Sassan {Saatchi} and Dmitry {Schepaschenko} and Martjan {Schelhaas} and Anatoly {Shivdenko}},
 title={{The global forest age dataset and its uncertainties (GFADv1.1)}},
 year={2019},
 doi={10.1594/PANGAEA.897392},
 url={https://doi.org/10.1594/PANGAEA.897392},
 organization={NASA National Aeronautics and Space Administration},
 type={data set},
 publisher={PANGAEA}
}

@article{pan2011age,
  title={Age structure and disturbance legacy of North American forests},
  author={Pan, Yude and Chen, Jing M and Birdsey, Richard and McCullough, Kevin and He, Liming and Deng, Feng},
  journal={Biogeosciences. 8: 715-732.},
  volume={8},
  pages={715--732},
  year={2011}
}

@article{sohl2014,
  title={Spatially explicit modeling of 1992--2100 land cover and forest stand age for the conterminous United States},
  author={Sohl, Terry L and Sayler, Kristi L and Bouchard, Michelle A and Reker, Ryan R and Friesz, Aaron M and Bennett, Stacie L and Sleeter, Benjamin M and Sleeter, Rachel R and Wilson, Tamara and Soulard, Chris and others},
  journal={Ecological applications},
  volume={24},
  number={5},
  pages={1015--1036},
  year={2014},
  publisher={Wiley Online Library}
}

@article{goward2016,
  title={NACP NAFD project: Forest disturbance history from Landsat, 1986-2010},
  author={Goward, SN and Huang, C and Zhao, F and Schleeweis, K and Rishmawi, K and Lindsey, M and Dungan, JL and MICHAELIS, AR},
  journal={ORNL DAAC},
  year={2016}
}

% LiDAR BIOMASS

@misc{cook2014,
  doi = {10.3334/ORNLDAAC/1257},
  url = {https://daac.ornl.gov/cgi-bin/dsviewer.pl?ds_id=1257},
  author = {Cook, B.D. and Swatantran, A. and Duncanson, L. and Armstrong, A. and Pinto, N. and Nelson, R.F.},
  language = {eng},
  title = {CMS: LiDAR-derived Estimates of Aboveground Biomass at Four Forested Sites, USA},
  publisher = {ORNL Distributed Active Archive Center},
  year = {2014}
}


% LiDAR and forest age modeling

@article{weber2009,
  title={Use of LiDAR and supplemental data to estimate forest maturity in Charles County, MD, USA},
  author={Weber, Theodore C and Boss, Daniel E},
  journal={Forest Ecology and Management},
  volume={258},
  number={9},
  pages={2068--2075},
  year={2009},
  publisher={Elsevier}
}

@article{straub2011,
  title={Enhancement of bioenergy estimations within forests using airborne laser scanning and multispectral line scanner data},
  author={Straub, Christoph and Koch, Barbara},
  journal={biomass and bioenergy},
  volume={35},
  number={8},
  pages={3561--3574},
  year={2011},
  publisher={Elsevier}
}

@article{maltamo2009,
  title={Combining ALS and NFI training data for forest management planning: a case study in Kuortane, Western Finland},
  author={Maltamo, M and Packal{\'e}n, P and Suvanto, A and Korhonen, KT and Meht{\"a}talo, L and Hyv{\"o}nen, P},
  journal={European Journal of Forest Research},
  volume={128},
  number={3},
  pages={305--317},
  year={2009},
  publisher={Springer}
}

@article{racine2013,
  title={Estimating forest stand age from LiDAR-derived predictors and nearest neighbor imputation},
  author={Racine, Etienne B and Coops, Nicholas C and St-Onge, Beno{\^\i}t and B{\'e}gin, Jean},
  journal={Forest Science},
  volume={60},
  number={1},
  pages={128--136},
  year={2013},
  publisher={Oxford University Press Oxford, UK}
}

@article{lefsky2005,
  title={Combining lidar estimates of aboveground biomass and Landsat estimates of stand age for spatially extensive validation of modeled forest productivity},
  author={Lefsky, MA and Turner, DP and Guzy, M and Cohen, WB},
  journal={Remote Sensing of Environment},
  volume={95},
  number={4},
  pages={549--558},
  year={2005},
  publisher={Elsevier}
}

@article{kane2010,
  title={Examining conifer canopy structural complexity across forest ages and elevations with LiDAR data},
  author={Kane, Van R and Bakker, Jonathan D and McGaughey, Robert J and Lutz, James A and Gersonde, Rolf F and Franklin, Jerry F},
  journal={Canadian Journal of Forest Research},
  volume={40},
  number={4},
  pages={774--787},
  year={2010},
  publisher={NRC Research Press}
}

@article{falkowski2009,
  title={Characterizing forest succession with lidar data: An evaluation for the Inland Northwest, USA},
  author={Falkowski, Michael J and Evans, Jeffrey S and Martinuzzi, Sebastian and Gessler, Paul E and Hudak, Andrew T},
  journal={Remote Sensing of Environment},
  volume={113},
  number={5},
  pages={946--956},
  year={2009},
  publisher={Elsevier}
}

@article{sanchez2018,
  title={Semi-Automated Delineation of Stands in an Even-Age Dominated Forest: A LiDAR-GEOBIA Two-Stage Evaluation Strategy},
  author={Sanchez-Lopez, Nuria and Boschetti, Luigi and Hudak, Andrew},
  journal={Remote Sensing},
  volume={10},
  number={10},
  pages={1622},
  year={2018},
  publisher={Multidisciplinary Digital Publishing Institute}
}

@article{pinto2013,
  title={Using InSAR coherence to map stand age in a boreal forest},
  author={Pinto, Naiara and Simard, Marc and Dubayah, Ralph},
  journal={Remote Sensing},
  volume={5},
  number={1},
  pages={42--56},
  year={2013},
  publisher={Multidisciplinary Digital Publishing Institute}
}


% forest age research

@article{pregitzer2004,
  title={Carbon cycling and storage in world forests: biome patterns related to forest age},
  author={Pregitzer, Kurt S and Euskirchen, Eug{\'e}nie S},
  journal={Global change biology},
  volume={10},
  number={12},
  pages={2052--2077},
  year={2004},
  publisher={Wiley Online Library}
}

@article{song2003,
  title={A regional forest ecosystem carbon budget model: impacts of forest age structure and landuse history},
  author={Song, Conghe and Woodcock, Curtis E},
  journal={Ecological Modelling},
  volume={164},
  number={1},
  pages={33--47},
  year={2003},
  publisher={Elsevier}
}

@article{zhu2019,
  title={Forest age improves understanding of the global carbon sink},
  author={Zhu, Kai and Song, Yiluan and Qin, Clara},
  journal={Proceedings of the National Academy of Sciences},
  pages={201900797},
  year={2019},
  publisher={National Acad Sciences}
}

@article{pugh2019age,
  title={Role of forest regrowth in global carbon sink dynamics},
  author={Pugh, Thomas AM and Lindeskog, Mats and Smith, Benjamin and Poulter, Benjamin and Arneth, Almut and Haverd, Vanessa and Calle, Leonardo},
  journal={Proceedings of the National Academy of Sciences},
  pages={201810512},
  year={2019},
  publisher={National Acad Sciences}
}

@article{pugh2019disturbance,
  title={Important role of forest disturbances in the global biomass turnover and carbon sinks},
  author={Pugh, Thomas AM and Arneth, Almut and Kautz, Markus and Poulter, Benjamin and Smith, Benjamin},
  journal={Nature geoscience},
  pages={1--6},
  year={2019},
  publisher={Nature Publishing Group}
}

@article{korner2017,
  title={A matter of tree longevity},
  author={K{\"o}rner, Christian},
  journal={Science},
  volume={355},
  number={6321},
  pages={130--131},
  year={2017},
  publisher={American Association for the Advancement of Science}
}


@article{foster2016,
  title={Predicting tree biomass growth in the temperate--boreal ecotone: Is tree size, age, competition, or climate response most important?},
  author={Foster, Jane R and Finley, Andrew O and D'amato, Anthony W and Bradford, John B and Banerjee, Sudipto},
  journal={Global change biology},
  volume={22},
  number={6},
  pages={2138--2151},
  year={2016},
  publisher={Wiley Online Library}
}

@article{noormets2007,
  title={Age-dependent changes in ecosystem carbon fluxes in managed forests in northern Wisconsin, USA},
  author={Noormets, Asko and Chen, Jiquan and Crow, Thomas R},
  journal={Ecosystems},
  volume={10},
  number={2},
  pages={187--203},
  year={2007},
  publisher={Springer}
}


@article{fang1998,
  title={Forest biomass of China: an estimate based on the biomass--volume relationship},
  author={Fang, Jing-yun and Wang, G Geoff and Liu, Guo-Hua and Xu, Song-ling},
  journal={Ecological Applications},
  volume={8},
  number={4},
  pages={1084--1091},
  year={1998},
  publisher={Wiley Online Library}
}

% North American forests

@article{braun1950,
  title={Deciduous forests of eastern North America.},
  author={Braun, Emma Lucy and others},
  journal={Deciduous forests of Eastern North America.},
  year={1950},
  publisher={Blakiston Co.}
}


@article{dong2003,
  title={Remote sensing estimates of boreal and temperate forest woody biomass: carbon pools, sources, and sinks},
  author={Dong, Jiarui and Kaufmann, Robert K and Myneni, Ranga B and Tucker, Compton J and Kauppi, Pekka E and Liski, Jari and Buermann, Wolfgang and Alexeyev, V and Hughes, Malcolm K},
  journal={Remote Sensing of Environment},
  volume={84},
  number={3},
  pages={393--410},
  year={2003},
  publisher={Elsevier}
}

@article{jenkins2003,
  title={National-scale biomass estimators for United States tree species},
  author={Jenkins, Jennifer C and Chojnacky, David C and Heath, Linda S and Birdsey, Richard A},
  journal={Forest science},
  volume={49},
  number={1},
  pages={12--35},
  year={2003},
  publisher={Oxford University Press}
}



% land use change / forest loss and disturbance

@article{houghton2017,
  title={Global and regional fluxes of carbon from land use and land cover change 1850--2015},
  author={Houghton, Richard A and Nassikas, Alexander A},
  journal={Global Biogeochemical Cycles},
  volume={31},
  number={3},
  pages={456--472},
  year={2017},
  publisher={Wiley Online Library}
}

@article{hurtt2006,
  title={The underpinnings of land-use history: Three centuries of global gridded land-use transitions, wood-harvest activity, and resulting secondary lands},
  author={Hurtt, George C and Frolking, Steve and Fearon, MG and Moore, B and Shevliakova, E and Malyshev, S and Pacala, Stephen Wilson and Houghton, RA},
  journal={Global Change Biology},
  volume={12},
  number={7},
  pages={1208--1229},
  year={2006},
  publisher={Wiley Online Library}
}


@article{foster1998,
  title={Land-use history as long-term broad-scale disturbance: regional forest dynamics in central New England},
  author={Foster, David R and Motzkin, Glenn and Slater, Benjamin},
  journal={Ecosystems},
  volume={1},
  number={1},
  pages={96--119},
  year={1998},
  publisher={Springer}
}

@article{houghton2012,
  title={Carbon emissions from land use and land-cover change},
  author={Houghton, Richard A and House, JI and Pongratz, Julia and Van Der Werf, GR and DeFries, RS and Hansen, MC and Qu{\'e}r{\'e}, C Le and Ramankutty, N},
  journal={Biogeosciences},
  volume={9},
  number={12},
  pages={5125--5142},
  year={2012},
  publisher={Copernicus GmbH}
}

@article{hurtt2011,
  title={Harmonization of land-use scenarios for the period 1500--2100: 600 years of global gridded annual land-use transitions, wood harvest, and resulting secondary lands},
  author={Hurtt, George C and Chini, Louise Parsons and Frolking, Steve and Betts, RA and Feddema, Johannes and Fischer, G and Fisk, JP and Hibbard, K and Houghton, RA and Janetos, A and others},
  journal={Climatic change},
  volume={109},
  number={1-2},
  pages={117},
  year={2011},
  publisher={Springer}
}

@article{albani2006,
  title={The contributions of land-use change, CO2 fertilization, and climate variability to the Eastern US carbon sink},
  author={Albani, Marco and Medvigy, David and Hurtt, George C and Moorcroft, Paul R},
  journal={Global Change Biology},
  volume={12},
  number={12},
  pages={2370--2390},
  year={2006},
  publisher={Wiley Online Library}
}

@article{foley2005,
  title={Global consequences of land use},
  author={Foley, Jonathan A and DeFries, Ruth and Asner, Gregory P and Barford, Carol and Bonan, Gordon and Carpenter, Stephen R and Chapin, F Stuart and Coe, Michael T and Daily, Gretchen C and Gibbs, Holly K and others},
  journal={science},
  volume={309},
  number={5734},
  pages={570--574},
  year={2005},
  publisher={American Association for the Advancement of Science}
}

@article{hansen2013,
  title={High-resolution global maps of 21st-century forest cover change},
  author={Hansen, Matthew C and Potapov, Peter V and Moore, Rebecca and Hancher, Matt and Turubanova, SAA and Tyukavina, Alexandra and Thau, David and Stehman, SV and Goetz, SJ and Loveland, TR and others},
  journal={science},
  volume={342},
  number={6160},
  pages={850--853},
  year={2013},
  publisher={American Association for the Advancement of Science}
}

@article{runkle1982,
  title={Patterns of disturbance in some old-growth mesic forests of eastern North America},
  author={Runkle, James Reade},
  journal={Ecology},
  volume={63},
  number={5},
  pages={1533--1546},
  year={1982},
  publisher={Wiley Online Library}
}

@article{masek2008,
  title={North American forest disturbance mapped from a decadal Landsat record},
  author={Masek, Jeffrey G and Huang, Chengquan and Wolfe, Robert and Cohen, Warren and Hall, Forrest and Kutler, Jonathan and Nelson, Peder},
  journal={Remote Sensing of Environment},
  volume={112},
  number={6},
  pages={2914--2926},
  year={2008},
  publisher={Elsevier}
}

@article{caspersen2000,
  title={Contributions of land-use history to carbon accumulation in US forests},
  author={Caspersen, John P and Pacala, Stephen W and Jenkins, Jennifer C and Hurtt, George C and Moorcroft, Paul R and Birdsey, Richard A},
  journal={Science},
  volume={290},
  number={5494},
  pages={1148--1151},
  year={2000},
  publisher={American Association for the Advancement of Science}
}


% ecosystem services and natural capital

@article{watson2018,
  title={The exceptional value of intact forest ecosystems},
  author={Watson, James EM and Evans, Tom and Venter, Oscar and Williams, Brooke and Tulloch, Ayesha and Stewart, Claire and Thompson, Ian and Ray, Justina C and Murray, Kris and Salazar, Alvaro and others},
  journal={Nature ecology \& evolution},
  volume={2},
  number={4},
  pages={599},
  year={2018},
  publisher={Nature Publishing Group}
}

@article{costanza1997,
  title={The value of the world's ecosystem services and natural capital},
  author={Costanza, Robert and d'Arge, Ralph and De Groot, Rudolf and Farber, Stephen and Grasso, Monica and Hannon, Bruce and Limburg, Karin and Naeem, Shahid and O'neill, Robert V and Paruelo, Jose and others},
  journal={nature},
  volume={387},
  number={6630},
  pages={253},
  year={1997},
  publisher={Nature publishing group}
}

@article{costanza2014,
  title={Changes in the global value of ecosystem services},
  author={Costanza, Robert and de Groot, Rudolf and Sutton, Paul and Van der Ploeg, Sander and Anderson, Sharolyn J and Kubiszewski, Ida and Farber, Stephen and Turner, R Kerry},
  journal={Global environmental change},
  volume={26},
  pages={152--158},
  year={2014},
  publisher={Elsevier}
}


%% GEDI

@article{dubayah2019,
  title={The Global Ecosystem Dynamics Investigation: High-resolution laser ranging of the Earth?s forests and topography},
  author={Dubayah, RO},
  journal={Environmental Research Letters},
  year={2019}
}

% other earth observers

@article{abdalati2010,
  title={The ICESat-2 laser altimetry mission},
  author={Abdalati, Waleed and Zwally, H Jay and Bindschadler, Robert and Csatho, Bea and Farrell, Sinead Louise and Fricker, Helen Amanda and Harding, David and Kwok, Ronald and Lefsky, Michael and Markus, Thorsten and others},
  journal={Proceedings of the IEEE},
  volume={98},
  number={5},
  pages={735--751},
  year={2010},
  publisher={IEEE}
}